%
%
% Sparse solvers
%
%

% MP original
@article{Mallat93,
    author = {Stephane Mallat and Zhifeng Zhang},
    title = {Matching Pursuit With Time-Frequency Dictionaries},
    journal = {IEEE Transactions on Signal Processing},
    year = {1993},
    volume = {41},
    pages = {3397--3415}
}

% OMP original
@INPROCEEDINGS{Pati93,
    author = {Y. C. Pati and R. Rezaiifar and Y. C. Pati R. Rezaiifar and P. S. Krishnaprasad},
    title = {Orthogonal Matching Pursuit: Recursive Function Approximation with Applications to Wavelet Decomposition},
    booktitle = {Proceedings of the 27 th Annual Asilomar Conference on Signals, Systems, and Computers},
    year = {1993},
    pages = {40--44}
}

% OMP
@article{Davis97,
	author = {G. Davis and S. Mallat and M. Avellaneda},
	journal = {Journal of Constructive Approximation},
	pages = {57--98},
	title = {Greedy adaptive approximation},
	volume = {13},
	year = {1997}
}

% OMP
@article{Tropp04,
	author = {Joel A. Trop},
	journal = {IEEE Trans. Information Theory},
	number = {10},
	pages = {2231--2242},
	title = {Greed is good: Algorithmic results for sparse approximation},
	volume = {50},
	year = {2004}
}

% OMP
@ARTICLE{Tropp07,
    author = {Joel A. Tropp and Anna and C. Gilbert},
    title = {Signal recovery from random measurements via Orthogonal Matching Pursuit},
    journal = {IEEE Trans. Information Theory},
    year = {2007},
    volume = {53},
    number = {12},
    pages = {4655--4666}
}

%StOMP
@article{Donoho12StOMP,
  title={Sparse solution of underdetermined systems of linear equations by stagewise orthogonal matching pursuit},
  author={Donoho, David L and Tsaig, Yaakov and Drori, Iddo and Starck, Jean-Luc},
  journal={Information Theory, IEEE Transactions on},
  volume={58},
  number={2},
  pages={1094--1121},
  year={2012},
  publisher={IEEE}
}

% Greedy algorithms
% ROMP
@article{Needell09,
	author = {Deanna Needell and Roman Vershynin},
	journal = {Foundations of Computational Mathematic},
	pages = {317--334},
	title = {Uniform uncertainty principle and signal recovery via regularized orthogonal matching pursuit},
	volume = {9},
	number = {3},
	year = {2009}
}

% CoSaMP
@article{Needell09c,
    author = {Needell, D. and Tropp, J. A.},
    journal = {Applied and Computational Harmonic Analysis},
    pages = {301--321},
    title = {Co{S}a{MP}: Iterative signal recovery from incomplete and inaccurate samples},
    volume = {26},
    number = {3},
    year = {2009}
}





%
% convex
%

% LSQR
@article{Paige82lsqr,
  title={{LSQR}: An algorithm for sparse linear equations and sparse least squares},
  author={Paige, Christopher C and Saunders, Michael A},
  journal={ACM Transactions on Mathematical Software (TOMS)},
  volume={8},
  number={1},
  pages={43--71},
  year={1982},
  publisher={ACM}
}


% l1 regularization
@article{Huber64,
  title={Robust estimation of a location parameter},
  author={Huber, Peter J and others},
  journal={The Annals of Mathematical Statistics},
  volume={35},
  number={1},
  pages={73--101},
  year={1964},
  publisher={Institute of Mathematical Statistics}
}


@inproceedings{Donoho02,
author = {Donoho, D. L. and Elad, M.},
title = {Maximal sparsity representation via $l_1$ minimization},
booktitle = {Proceedings of the National Academy of Sciences},
volume = {100},
pages = {2197--2202},
year = {2003}
}


% soft thresholding
@article{Donoho95,
  title={De-noising by soft-thresholding},
  author={Donoho, David L},
  journal={Information Theory, IEEE Transactions on},
  volume={41},
  number={3},
  pages={613--627},
  year={1995},
  publisher={IEEE}
}


% BP dissertation
@MISC{Chen95,
    author = {Shaobing Scott Chen},
    title = {Basis Pursuit},
    year = {1995}
}

% BP: concept of solving l0 min. by l1 min.
@ARTICLE{Chen98,
  author = {S. S. Chen and D. L. Donoho and M. A. Saunders},
  title = {Atomic Decomposition by Basis Pursuit},
  journal = {{SIAM} J. Sci. Comput.},
  volume = {20},
  number = {1},
  year = {1998},
  pages = {33--61},
}




% Lasso
@ARTICLE{Tibshirani96,
    author = {Robert Tibshirani},
    title = {Regression Shrinkage and Selection Via the Lasso},
    journal = {Journal of the Royal Statistical Society, Series B},
    year = {1996},
    volume = {58},
    no = {1},
    pages = {267--288}
}


% IST
@article{Daubechies04,
  title={An iterative thresholding algorithm for linear inverse problems with a sparsity constraint},
  author={Daubechies, I and Defrise, M and De Mol, C},
  journal={Communications on Pure and Applied Mathematics},
  volume={57},
  number={11},
  pages={1413--1457},
  year={2004},
  publisher={Wiley Online Library}
}


% Forward-backward splitting
@article{Combettes05,
  title={Signal recovery by proximal forward-backward splitting},
  author={Combettes, Patrick L and Wajs, Val{\'e}rie R},
  journal={Multiscale Modeling \& Simulation},
  volume={4},
  number={4},
  pages={1168--1200},
  year={2005},
  publisher={SIAM}
}

% SpaRSA: Sparse Reconstruction via Separable Approximation
@article{Wright09SpaRSA,
  title={Sparse reconstruction by separable approximation},
  author={Wright, Stephen J and Nowak, Robert D and Figueiredo, M{\'a}rio AT},
  journal={Signal Processing, IEEE Transactions on},
  volume={57},
  number={7},
  pages={2479--2493},
  year={2009},
  publisher={IEEE}
}


% l1_ls Gradient projection
@article{Kim07,
author = {S.-J. Kim and K. Koh and M. Lustig and S. Boyd and D. Gorinevsky},
title = {An interior-point method for large-scale $l_1$-regularized least squares},
journal = {IEEE Journal on Selected Topics in Signal Processing},
volume = {1},
number = {4},
pages = {606--617},
year = {2007}
}


% GPSR
% Gradient projection
@article{Figueiredo07,
author = {Figueiredo, M. A. T. and Nowak, R. D. and Wright, S. J.},
title = {Gradient projection for sparse reconstruction: Application to compressed sensing and other inverse problems},
journal = {IEEE Journal of Selected Topics in Signal Processing},
volume = {1},
number = {4},
pages = {586--597},
year = {2007}
}


% Proximal gradient
@article{Nesterov83,
  title={A method of solving a convex programming problem with convergence rate O (1/k2)},
  author={Nesterov, Yurii},
  journal={Soviet Mathematics Doklady},
  volume={27},
  number={2},
  pages={372--376},
  year={1983}
}
@misc{Nesterov07,
  title={Gradient methods for minimizing composite objective function},
  author={Nesterov, Yurii},
  year={2007},
  publisher={Core Discussion Paper, Catholic University of Louvain},
  volume = {76},
  pages = {2007}
}

@article{SJWright09,
author = {Wright, S. J. and Nowak, R. D. and Figueiredo, M. A. T.},
title = {Sparse reconstruction by separable approximation},
journal = {IEEE Trans. Signal Processing},
volume = {57},
number ={7},
pages = {2479--2493},
year = {2009}
}

% DAL
@article{Tomioka09,
author = {Tomioka, R. and Sugiyama, M.},
title = {Dual augmented {L}agrangian method for efficient sparse reconstruction},
journal = {IEEE Signal Processing Letters},
volume = {16},
number = {2},
pages = {1067--1070},
year = {2009}
}

% Proximal gradient
%http://mechroom.technion.ac.il/~becka/papers/71654.pdf
% FISTA
@article{Beck09,
 author = {Beck, Amir and Teboulle, Marc},
 title = {A Fast Iterative Shrinkage-Thresholding Algorithm for Linear Inverse Problems},
 journal = {SIAM J. Img. Sci.},
 issue_date = {January 2009},
 volume = {2},
 number = {1},
 month = mar,
 year = {2009},
 pages = {183--202},
 publisher = {Society for Industrial and Applied Mathematics},
 address = {Philadelphia, PA, USA},
}
% url = {http://dx.doi.org/10.1137/080716542},
% doi = {10.1137/080716542},


% Survey of sparse solvers
@article{Tropp10,
  title={Computational methods for sparse solution of linear inverse problems},
  author={Tropp, Joel and Wright, Stephen J and others},
  journal={Proceedings of the IEEE},
  volume={98},
  number={6},
  pages={948--958},
  year={2010},
  publisher={IEEE}
}


% prox
@incollection{Combettes11,
  title={Proximal splitting methods in signal processing},
  author={Combettes, Patrick L and Pesquet, Jean-Christophe},
  booktitle={Fixed-point algorithms for inverse problems in science and engineering},
  pages={185--212},
  year={2011},
  publisher={Springer}
}



% prox
@article{Moreau65prox,
  title={Proximit{\'e} et dualit{\'e} dans un espace hilbertien},
  author={Moreau, Jean-Jacques},
  journal={Bulletin de la Soci{\'e}t{\'e} math{\'e}matique de France},
  volume={93},
  pages={273--299},
  year={1965}
}
















% ALM
@article{Yang11,
  title={Alternating direction algorithms for $\ell_1$-problems in compressive sensing},
  author={Yang, Junfeng and Zhang, Yin},
  journal={SIAM journal on scientific computing},
  volume={33},
  number={1},
  pages={250--278},
  year={2011},
  publisher={SIAM}
}



%
%
% ADMM
%
%

% ADMM for convex programming decomposition is
% a special cases of the proximal point algorithm.
@article{Eckstein_ADMM92,
author = {Jonathan Eckstein and Dimitri P. Bertsekas},
title = {On the {D}ouglas-{R}achford splitting method and the proximal point algorithm for maximal monotone operators},
journal = {Mathematical Programming},
volume = {55},
number = {1--3},
pages = {293--318},
month = {April},
year = {1992}
}
% Dissertation version of the above
@article{Eckstein89,
  title={On the {D}ouglas-{R}achford splitting method and the proximal point algorithm for maximal monotone operators},
  author={Eckstein, Jonathan and Bertsekas, Dimitri P and others},
  year={1989},
  publisher={Massachusetts Institute of Technology, Laboratory for Information and Decision Systems}
}

% Douglas-Rachford aplitting method original
% referred by Eckstein89.
@article{Lions79,
  title={Splitting algorithms for the sum of two nonlinear operators},
  author={Lions, Pierre-Louis and Mercier, Bertrand},
  journal={SIAM Journal on Numerical Analysis},
  volume={16},
  number={6},
  pages={964--979},
  year={1979},
  publisher={SIAM}
}

% ADMM original
@article{GabayMercier76,
author = {Daniel Gabay and Bertrand Mercier},
title = {A dual algorithm for the solution of nonlinear variational problems via finite element approximation},
journal = {Computers and Mathematics with Applications},
volume = {2},
number = {1},
pages = {17--40},
year = {1976}
}


% ALM original
@article{Hestenes_ALM69,
author = {Magnus R. Hestenes},
title = {Multiplier and gradient methods},
journal = {Optimization Theory and Applications},
volume = {4},
number = {5},
pages = {303--320},
year = {1969}
}


% SALSA: split augmented Lagrangian shrinkage algorithm, LASSO regression by ADMM
@article{Afonso10,
  title={Fast image recovery using variable splitting and constrained optimization},
  author={Afonso, Manya V and Bioucas-Dias, Jos{\'e} M and Figueiredo, M{\'a}rio AT},
  journal={Image Processing, IEEE Transactions on},
  volume={19},
  number={9},
  pages={2345--2356},
  year={2010},
  publisher={IEEE}
}

% SALSA for l1 regularization
@techreport{Selesnick14,
  author={Selesnick, Ivan},
  title={L1-norm penalized least squares with {SALSA}},
  ee = {http://cnx.org/contents/e980d3cd-f201-4ef6-8992-d712bf0a88a3@5},
  year = {2014}
}

% ADMM algorithms
% http://stanford.edu/~boyd/papers/admm/
@article{Boyd11,
author = {Boyd, Stephen and Parikh, Neal and Chu, Eric and Peleato, Borja and Eckstein, Jonathan},
 title = {Distributed Optimization and Statistical Learning via the Alternating Direction Method of Multipliers},
 journal = {Found. Trends Mach. Learn.},
 issue_date = {January 2011},
 volume = {3},
 number = {1},
 month = jan,
 year = {2011},
 issn = {1935-8237},
 pages = {1--122},
 numpages = {122},
 publisher = {Now Publishers Inc.},
 address = {Hanover, MA, USA},
} 
% url = {http://dx.doi.org/10.1561/2200000016},
% doi = {10.1561/2200000016},
% acmid = {2185816},



% Ono, image recovery, IEICE Trans. A
@article{Ono12,
  author    = {Shunsuke Ono and
               Takamichi Miyata and
               Isao Yamada and
               Katsunori Yamaoka},
  title     = {Image Recovery by Decomposition with Component-Wise Regularization},
  journal   = {{IEICE} Transactions},
  volume    = {95-A},
  number    = {12},
  pages     = {2470--2478},
  year      = {2012},
}

%Michael Zibulevsky and Barak A. Pearlmutter
@article{Zibulevsky01,
author = {Zibulevsky, M. and Pearlmutter, B. A.},
title = {Blind source separation by sparse decomposition in a signal dictionary},
journal = {Neural Computation},
volume = {13},
number = {4},
pages = {863--882},
year = {2001}
}





%% Structured sparsity
%
% structured-sparsity-inducing norm, Bach
@article{Jenatton11,
  title={Structured variable selection with sparsity-inducing norms},
  author={Jenatton, Rodolphe and Audibert, Jean-Yves and Bach, Francis},
  journal={The Journal of Machine Learning Research},
  volume={12},
  pages={2777--2824},
  year={2011},
  publisher={JMLR. org}
}

% Groupwise sparse
@article{Sprechmann11,
  title={C-hilasso: A collaborative hierarchical sparse modeling framework},
  author={Sprechmann, Pablo and Ramirez, Ignacio and Sapiro, Guillermo and Eldar, Yonina C},
  journal={Signal Processing, IEEE Transactions on},
  volume={59},
  number={9},
  pages={4183--4198},
  year={2011},
  publisher={IEEE}
}






%% Dictionary learning
%%
% CS: K-SVD-based

@article{Aharon06,
  title={{K-SVD}: An Algorithm for Designing Overcomplete Dictionaries for Sparse Representation},
  author={Aharon, Michal and Elad, Michael and Bruckstein, Alfred},
 journal={Signal Processing, IEEE Transactions on},
  volume={54},
  number={11},
  pages={4311--4322},
  year={2006},
  publisher={IEEE}
}

@article{ProtterE09,
  author    = {Matan Protter and
               Michael Elad},
  title     = {Image Sequence Denoising via Sparse and Redundant Representations},
  journal   = {IEEE Transactions on Image Processing},
  volume    = {18},
  number    = {1},
  year      = {2009},
  pages     = {27--35},
}

% CS: K-SVD-based
@article{Elad06,
  author    = {Michael Elad and
               Michal Aharon},
  title     = {Image Denoising Via Sparse and Redundant Representations
               Over Learned Dictionaries},
  journal   = {IEEE Transactions on Image Processing},
  volume    = {15},
  number    = {12},
  year      = {2006},
  pages     = {3736--3745},
}


% ODL
@inproceedings{Mairal09,
  title={Online dictionary learning for sparse coding},
  author={Mairal, Julien and Bach, Francis and Ponce, Jean and Sapiro, Guillermo},
  booktitle={Proceedings of the 26th Annual International Conference on Machine Learning},
  pages={689--696},
  year={2009},
  organization={ACM}
}




