%
%
% RPCA
%
%

% nuclear and l1 relaxation
@inproceedings{WrightRPCA09,
  author    = {John Wright and
               Arvind Ganesh and
               Shankar Rao and
               YiGang Peng and
               Yi Ma},
  title     = {Robust Principal Component Analysis: Exact Recovery of Corrupted
               Low-Rank Matrices via Convex Optimization},
  booktitle = {NIPS},
  year      = {2009},
  pages     = {2080-2088},
}


% nuclear and l1 relaxation
% formulation (without calling it RPCA)
@inproceedings{ChandrasekaranRPCA09,
 author = {Chandrasekaran, Venkat and Sanghavi, Sujay and Parrilo, Pablo A. and Willsky, Alan S.},
 title = {Sparse and Low-rank Matrix Decompositions},
 booktitle = {Proceedings of the 47th Annual Allerton Conference on Communication, Control, and Computing},
 series = {Allerton'09},
 year = {2009},
 isbn = {978-1-4244-5870-7},
 location = {Monticello, Illinois, USA},
 pages = {962--967},
 numpages = {6},
} 


% RPCA_ADMM
@techreport{RPCA_ADMM09,
author = {Zhouchen Lin and Minming Chen and Leqin Wu and Yi Ma},
title = {The augmented {L}agrange multiplier method for exact recovery of corrupted low-rank matrices},
number = {UILU-ENG-09-2215},
month = {November},
institution = {UIUC},
year = {2009}
}


% RPCA11
% nuclear and l1 relaxation
@article{Candes11RPCA,
  author    = {Emmanuel J. Cand{\`e}s and
               Xiaodong Li and
               Yi Ma and
               John Wright},
  title     = {Robust principal component analysis?},
  journal   = {Journal of the ACM},
  volume    = {58},
  number    = {3},
  year      = {2011},
  pages     = {11:1--11:37},
  ee        = {http://doi.acm.org/10.1145/1970392.1970395}
}
% submission in 2009


% RPCA by ADMM
@article{Yuan13,
  title={Sparse and low-rank matrix decomposition via alternating direction methods},
  author={Yuan, Xiaoming and Yang, Junfeng},
  journal={Pacific Journal of Optimization},
  volume={9},
  number={1},
  pages={167--180},
  year={2013}
}

@article{yuan2009sparse,
  title={Sparse and low-rank matrix decomposition via alternating direction methods},
  author={Yuan, Xiaoming and Yang, Junfeng},
  journal={preprint},
  volume={12},
  year={2009}
}

% Principal Component Pursuits, a RPCA algorithm
% RPCA by ADMM and CoSaMP
@article{GandyYamada10,
author = {Silvia Gandy and Isao Yamada},
title = {Convex optimization techniques for the efficient recovery of a sparsely corrupted low-rank matrix},
journal = {Journal of Math-for-Industry},
volume = {2},
number = {2010B-5},
pages = {147--156},
year = {2010}
}


% Robust PCA, Robust NMF and application, subspace constraint using dictionary
@inproceedings{Sprechmann12,
 author = {Pablo Sprechmann and Alex Bronstein and Guillermo Sapiro},
 title = {Real-time online singing voice separation from monaural recordings using robust low-rank modeling},
 booktitle = {The 13th International Society for Music Information Retrieval Conference (ISMIR 2012)},
 year = {2012},
 pages = {67--72}
} 


% Robust PCA, subspace constraint using dictionaries
%http://mac.citi.sinica.edu.tw/mlrr/
@inproceedings{Yang13,
  author    = {Yi-Hsuan Yang},
  title     = {Low-Rank Representation of Both Singing Voice and Music
               Accompaniment Via Learned Dictionaries},
  booktitle = {The 14th International Society for Music Information Retrieval Conference (ISMIR 2013)},
  year      = {2013},
  pages     = {427--432}
}


% RPCA singing voice, earliest work
@inproceedings{Huang12,
  author    = {Po-Sen Huang and
               Scott Deeann Chen and
               Paris Smaragdis and
               Mark Hasegawa-Johnson},
  title     = {Singing-voice separation from monaural recordings using
               robust principal component analysis},
  booktitle = {ICASSP},
  year      = {2012},
  pages     = {57--60}
}



% Online RPCA

% Prac-ReProCS, Practical ReProCS-Recursive-PCA
@article{Guo14,
  title={An online algorithm for separating sparse and low-dimensional signal sequences from their sum},
  author={Guo, Han and Qiu, Chenlu and Vaswani, Namrata},
  journal={IEEE Transactions on Signal Processing},
  volume={62},
  number={16},
  pages={4284--4297},
  year={2014},
  publisher={IEEE}
}

% Recursive projected compressive sensing (ReProCS)
% ReProCS-cPCA (Cluster-PCA)
% add/delete subspace dimensions
% in VII
% The ReProCS approach studied so far is designed under the assumption that the subspace in which Lt lies can only grow over time.
@article{Qiu14,
  title={Recursive robust {PCA} or recursive sparse recovery in large but structured noise},
  author={Qiu, Chenlu and Vaswani, Namrata and Lois, Brian and Hogben, Leslie},
  journal={IEEE Transactions on Information Theory},
  volume={60},
  number={8},
  pages={5007--5039},
  year={2014},
  publisher={IEEE}
}

% GRASTA
@inproceedings{He11,
  title={Online robust subspace tracking from partial information},
  author={He, Jun and Balzano, Laura and Lui, John},
  booktitle={IT 2011},
  year={2011}
}

% GRASTA
@inproceedings{He12,
  title={Incremental gradient on the grassmannian for online foreground and background separation in subsampled video},
  author={He, Jun and Balzano, Laura and Szlam, Arthur},
  booktitle={Computer Vision and Pattern Recognition (CVPR), 2012 IEEE Conference on},
  pages={1568--1575},
  year={2012},
  organization={IEEE}
}





%
% PCA
%
% PCA
@book{PCA86,
author = {I. T. Jolliffe},
title = {Principal Component Analysis},
publisher = {Springer-Verlag},
year = {1986}
}


@article{Hotelling33,
author = {H. Hotelling},
title = {Analysis of complex of statistical variables into principal components},
journal = {Journal of Educational Psychology},
year = {1933},
volume = {24},
pages = {417--441 and 498--520}
}


% PCA
@article{Pearson01,
author = {Karl Pearson},
title = {On lines and planes of closest fit to systems of points in space},
journal = {Philosophical Magazine},
year = {1901},
volume = {2},
number = {11},
pages = {559--572}
}



% Incremental methods

@inProceedings{IEVD_BMVC98,
   author =   "Hall, P. M. and Martin, R. R.",
   title =   "Incremental eigenanalysis for classification",
   booktitle =   "Proc. BMVC 1998",
   volume = "1",
   year =   "1998",
   pages =   "286--295",
}


@Article{iPCA_PR04,
   author =   "Li, Y.",
   title =   "On incremental and robust subspace learning",
   journal =   "Pattern Recognition",
   volume =   "37",
   year =   "2004",
   pages =   "1509--1518",


%%%%%% begin{ISVD algorithms}

%ISVD_NM87,
@Article{Bunch78,
   author =   "Bunch, J. R. and Nielsen, C. P.",
   title =   "Updating the singular value decomposition",
   journal =   "Numerische Mathematik",
   volume =   "31",
   year =   "1978",
   pages =   "111--129",
}


% SVD cost
%fastiSVD94
@inProceedings{Gu94,
   author =   "Gu, M. and Eisenstat, S. C.",
   title =   "A stable and fast algorithm for updating the singular value decomposition",
   booktitle =   "Tech. Rep. YALEU/DCS/RR-966",
   publisher =   "Yale University",
   year =   "1994",
}


%ISVD_GMIP97
@Article{Chandrasekaran97,
   author =   "Chandrasekaran, S. and Manjunath, B. S. and Wang, Y. F. and Winkeler, J. and Zhang, H.",
   title =   "An eigenspace update algorithm for image analysis",
   journal =   "Graphical models and image processing",
   volume =   "59",
   number =   "5",
   year =   "1997",
   pages =   "321--332",
}


%ISVD_ECCV02
@inProceedings{Brand02,
   author =   "Matthew Brand",
   title =   "Incremental singular value decomposition of uncertain data with missing values",
   booktitle =   "Proc. ECCV 2002",
   year =   "2002",
   pages =   "707--720",
}


@INPROCEEDINGS{Brand03,
    author = {Matthew Brand},
    title = {Fast online {SVD} revisions for lightweight recommender systems},
    booktitle = {In SIAM International Conference on Data Mining},
    year = {2003},
    pages = {37--46}
}


%ISVD_ICCV03,
@inProceedings{Skocaj03,
   author =   "Skocaj, D. and Leonardis, A.",
   title =   "Weighted and robust incremental method for subspace learning",
   booktitle =   "Proc. ICCV 2003",
   volume =   "2",
   year =   "2003",
   pages =   "1494",
}


% ISVD of close-to-diagonal matrix
%ISVD_Davies04,
@article{Davies04,
    author = {Philip I. Davies and Matthew I. Smith},
    title = {Updating the Singular Value Decomposition},
    journal = {Journal of Computational and Applied Mathematics},
    volume = {170},
    pages = {145--167},
    year = {2004}
}


%ISVD_IVC08
@Article{Skocaj08,
   author =   "Skocaj, D. and Leonardis, A.",
   title =   "Incremental and robust learning of subspace representations",
   journal =   "Image and Vision Computing",
   volume =   "26",
   year =   "2008",
   pages =   "27--38",
}

%%%%% end{ISVD algorithms}



%%%%%%%

% SVD cost
@inProceedings{Gu94,
   author =   "Gu, M. and Eisenstat, S. C.",
   title =   "A stable and fast algorithm for updating the singular value decomposition",
   booktitle =   "Tech. Rep. YALEU/DCS/RR-966",
   publisher =   "Yale University",
   year =   "1994",
}


%%%%%%


% Golub
@BOOK{Golub96,
  AUTHOR       = {Gene H. Golub and Charles F. Van Loan},
  TITLE        = {Matrix Computations (3rd ed.)},
  PUBLISHER    = {Johns Hopkins University Press},
  YEAR         = {1996},
}
%  NOTE         = {Third Edition}




