@article{tsakai_ICPR12,
author = {Tomoya Sakai and Madoka Kato and Sueharu Miyahara and Senya Kiyasu},
title = {Robust detection of adventitious lung sounds in electronic auscultation signals},
journal = {Proceedings of ICPR'12},
pages = {1993--1996},
year = {2012},
ee        = {http://ieeexplore.ieee.org/xpl/freeabs_all.jsp?arnumber=6460549}
}


@article{tsakai_ICASSP12,
author = {Tomoya Sakai and Haruka Satomoto and Senya Kiyasu and Sueharu Miyahara},
title = {Sparse representation-based extraction of pulmonary sound components from low-quality auscultation signals},
journal = {Proceedings of ICASSP'12},
pages = {509--512},
year = {2012},
ee = {http://dx.doi.org/10.1109/ICASSP.2012.6287928}
}
%volume = {156},
%number = {3},
%pages = {974--987},


% LS
@misc{Littmann,
howpublished = {Electronic stethoscope model 4100},
title = {Electronic Stethoscope},
author = {3M Health Care, Inc.},
year = {2005},
}

% Survey and CLSA evaluation
@article{Gurung11,
title={Computerized lung sound analysis as diagnostic aid for the detection of abnormal lung sounds: a systematic review and meta-analysis.},
author={Gurung, A. and Scrafford, C.G. and Tielsch, J.M. and Levine, O.S. and Checkley, W.},
journal={Respir. Med.},
volume={105},
number={9},
pages={1396--403},
year={2011}
}

%  Survey report
@article{Pasterkamp97,
author = {Pasterkamp, H. and Kraman, S. S. and Wodicka, G. R.},
title = {Respiratory sounds: advances beyond the stethoscope},
journal = {American Journal of Respiratory and Critical Care Medicine},
volume = {156},
number = {3},
pages = {974--987},
year = {1997}
}

% Names and types of LS
@article{Earis92,
  title={Lung sounds.},
  author={Earis, J},
  journal={Thorax},
  volume={47},
  number={9},
  pages={671--672},
  year={1992},
  publisher={BMJ Publishing Group Ltd and British Thoracic Society}
}

% LS spectra
@article{Gavriely81,
  title={Spectral characteristics of normal breath sounds},
  author={Gavriely, Noam and Palti, YORAM and Alroy, GIDEON},
  journal={Journal of Applied Physiology},
  volume={50},
  number={2},
  pages={307--314},
  year={1981},
  publisher={Am Physiological Soc}
}

% STFT visulaization
@article{Pasterkamp89,
author = {Pasterkamp, H. and Carson, C. and Daien, D. and Oh, Y.},
title = {Digital Respirosonography: new images of lung sounds},
journal = {Chest},
volume = {96},
pages = {1405--1412},
year = {1989}
}

%  Fourier
@article{Pasika94,
author = {Pasika, H. and Pengelly, D.},
title = {Lung sound crackle analysis using generalised time-frequency representations},
journal = {Medical and Biological Engineering and Computing},
volume = {32},
pages = {688--690},
year = {1994}
}

% crackle detection by differentiating the spectrogram
@article{Kaisia91,
  title={Validated method for automatic detection of lung sound crackles},
  author={Kaisia, T and Sovij{\"a}rvi, A and Piiril{\"a}, P and Rajala, HM and Haltsonen, S and Rosqvist, T},
  journal={Medical and Biological Engineering and Computing},
  volume={29},
  number={5},
  pages={517--521},
  year={1991},
  publisher={Springer}
}


% AR (LPC) feature
@article{Gavriely92,
  title={Parametric representation of normal breath sounds},
  author={Gavriely, Noam and Herzberg, Moshe},
  journal={Journal of Applied Physiology},
  volume={73},
  number={5},
  pages={1776--1784},
  year={1992},
  publisher={Am Physiological Soc}
}

% AR feature and k-NN/quadratic classifier
@article{Sankur94,
  title={Comparison of AR-based algorithms for respiratory sounds classification},
  author={Sankur, B{\"u}lent and Kahya, Yasemin P and G{\"u}ler, E {\c{C}}a{\u{g}}atay and Engin, Tanju},
  journal={Computers in Biology and Medicine},
  volume={24},
  number={1},
  pages={67--76},
  year={1994},
  publisher={Elsevier}
}

% Cepstrum of lung sounds used to study the generation and transmission process
@article{Xu98,
  title={A cepstral method for analysis of acoustic transmission characteristics of respiratory system},
  author={Xu, Jingping and Cheng, Jingzhi and Wu, Yanjun},
  journal={Biomedical Engineering, IEEE Transactions on},
  volume={45},
  number={5},
  pages={660--664},
  year={1998},
  publisher={IEEE}
}

% Cepstrum feature for classification
@inproceedings{Bahoura03,
  title={New parameters for respiratory sound classification},
  author={Bahoura, M and Pelletier, C},
  booktitle={Electrical and Computer Engineering, 2003. IEEE CCECE 2003. Canadian Conference on},
  volume={3},
  pages={1457--1460},
  year={2003},
  organization={IEEE}
}

% MFCC (Mel-frequency cepstral coefficients)
@inproceedings{Bahoura04,
  title={Respiratory sounds classification using cepstral analysis and Gaussian mixture models},
  author={Bahoura, M and Pelletier, C},
  booktitle={Engineering in Medicine and Biology Society, 2004. IEMBS'04. 26th Annual International Conference of the IEEE},
  volume={1},
  pages={9--12},
  year={2004},
  organization={IEEE}
}

% wavelet feature by wave packet transform WPT
@article{Pesu98,
  title={Classification of respiratory sounds based on wavelet packet decomposition and learning vector quantization},
  author={Pesu, L and Helist{\"o}, P and Ademovi{\v{c}}, E and Pesquet, J-C and Saarinen, A and Sovij{\"a}rvi, ARA},
  journal={Technology and Health Care},
  volume={6},
  number={1},
  pages={65--74},
  year={1998},
  publisher={IOS Press}
}

% Model-based, feature extraction via wavelet
@article{Yeginer09,
  title={Feature extraction for pulmonary crackle representation via wavelet networks},
  author={Yeginer, Mete and Kahya, Yasemin P},
  journal={Computers in biology and medicine},
  volume={39},
  number={8},
  pages={713--721},
  year={2009},
  publisher={Elsevier}
}


% Fourier / just simple evaluation
@Article{Ono09,
AUTHOR = {Ono, Hiroshi and Taniguchi, Yasuyuki and Shinoda, Kinya and Sakamoto, Tetsu and Kudoh, Shoji and Gemma, Akihiko},
TITLE = {Evaluation of the usefulness of spectral analysis of inspiratory lung sounds recorded with phonopneumography in patients with interstitial pneumonia.},
JOURNAL = {J Nippon Med Sch},
VOLUME = {76},
YEAR = {2009},
NUMBER = {2},
PAGES = {67-75},
PubMedID = {19443991},
ISSN = {1345-4676},
}

@article{Kiyasu07,
author = {喜安 千弥 and 柳原 幸輔 and 正田 備也 and 宮原 末治 and 岡 三喜男},
title = {呼吸の周期性を考慮した異常肺音の自動検出},
journal = {映像情報メディア学会誌},
volume = {61},
number = {12},
pages = {1769--1773},
year = {2007}
}

@article{Masada08a,
author = {正田 備也 and 喜安 千弥 and 宮原 末治},
title = {肺音分類のためのスペクトル分離とロバストな類似度判定による特徴量抽出},
journal = {日本データベース学会Letters},
volume = {6},
number = {4},
pages = {33--36},
year = {2008}
}

@inproceedings{Masada08b,
author = {Masada, T. and Kiyasu, S. and Miyahara, S.},
title = {Unmixed spectrum clustering for template composition in lung sound classification},
booktitle = {Proceedings of PAKDD '08, Lecture Notes in Computer Science},
volume = {5012},
pages = {964--969},
year = {2008}
}

%  wavelet
@article{Kandaswamy04,
author = {Kandaswamy, A. and Kumar, C. S. and Ramanathan, Rm. Pl. and Jayaraman, S. and Malmurugan, N.},
title = {Neural classification of lung sounds using wavelet coefficients},
journal = {Computers in Biology and Medicine},
volume = {34},
number = {6},
pages = {523--537},
year = {2004}
}
%

% wheeze. characteristic analysis
@article{Taplidou07a,
author = {Styliani A. Taplidou and Leontios J. Hadjileontiadis},
title = {Nonlinear analysis of wheezes using wavelet bicoherence},
journal = {Computers in Biology and Medicine},
volume = {37},
pages = {563--570},
year = {2007}
}

% Wavelet packet transform and thresholding
% followed by crackle detection and GMM classification
@inproceedings{Lu06,
  title={An automatic system for crackles detection and classification},
  author={Lu, Xiaoguang and Bahoura, Mohammed},
  booktitle={Electrical and Computer Engineering, 2006. CCECE'06. Canadian Conference on},
  pages={725--729},
  year={2006},
  organization={IEEE}
}

% wheeze. peak detection of spectrogram
@article{Taplidou07b,
author = {Styliani A. Taplidou and Leontios J. Hadjileontiadis},
title = {Wheeze detection based on time-frequency analysis of breath sounds},
journal = {Computers in Biology and Medicine},
volume = {37},
pages = {1073--1083},
year = {2007}
}

%  PR of lung sounds using various features and classifiers
@article{Bahoura09,
author = {Bahoura, M.},
title = {Pattern recognition methods applied to respiratory sounds classification into normal and wheeze classes},
journal = {Computers in Biology and Medicine},
volume = {39},
number = {9},
pages = {824--843},
year = {2009}
}

% StethoCloud
@misc{StethoCloud,
howpublished = {http://stethocloud.com},
title = {StethoCloud},
author = {{Cirrus Medical Inc.}},
year = {2014},
}


% wavelet, thresholding
@article{Marshall07,
author = {Marshall, A. and Boussakta, B.},
title = {Signal analysis of medical acoustic sounds with applications to chest medicine},
journal = {Journal of the Franklin Institute},
volume = {344},
pages = {230--242},
year = {2007}
}


% 山下さん
@article{Yamashita13,
author="山下 優 and 山内 勝也 and 松永 昭一 and 宮原 末治",
title="異常肺音検出における副雑音の発生区間と音響特徴による分類を考慮した呼吸音HMMの作成法の検討",
journal="電子情報通信学会論文誌D",
publisher="電子情報通信学会",
year="2013",
volume="j96-D",
number="9",
pages="2070--2077"
}


% Edege detection and masking of spectrogram using FPGA
@article{BorShingLin14,
author = {Bor-Shing Lin and Tian-Shiue Yen},
title = {An {FPGA}-based rapid wheezing detection system},
journal = {International Journal of Environmental Research and Public Health},
volume = {11},
pages = {1573--1593},
year = {2014}
}



% 肺音データベース
@inproceedings{LSdatabase07,
author={宮原 末治 and 田中 研勢 and 北里 圭子 and 喜安 千弥 and 早田 宏 and 河野 茂 and 岡 三喜男 and 尾長谷 靖 and 矢木 真一 and 大植 祥弘},
title= {肺音データベースの作成と異常音の検出実験},
booktitle={薬理と臨床, 肺音（呼吸音）研究会}, 
volume={17(5)},
pages={489--496},
year={2007}
}

%Ishihara, T. ed., Kawashiro, T., Abe, T., Kikuchi, T., Yonemaru, M.: Auscultation Training by CD: Lung Sound, Nankodo, 1993.
@book{Ishihara93,
editor = {石原恒夫},
author = {川城 丈夫 and 安部 直 and 菊池 功次 and 米丸亮},
title = {CDによる聴診トレーニング 呼吸音編},
publisher = {南江堂},
year = {1993}
}

@article{Mikami87,
  title={International Symposium on Lung Sounds. Synopsis of proceedings.},
  author={Riichiro Mikami and Makoto Murao and David W. Cugell and Jacques Chr{\'e}tien and Peter Cole and J. Meier-Sydow and Raymond L. H. Murphy and Robert G. Loudon},
  journal={CHEST Journal},
  volume={92},
  number={2},
  pages={342--345},
  year={1987},
  publisher={American College of Chest Physicians}
}



% 断続性ラ音の分離，SIP研究会
@article{tsakai_SIP11,
author="酒井 智弥 and 里元 はるか and 喜安 千弥 and 宮原 末治",
title="スパース表現による異常肺音の抽出",
journal="信学技報",
year="2011",
volume="111",
number="26, SIP2011-23",
pages="131--136",
}

@article{tsakai_SIP14,
author="酒井智弥 and 内田貴大 and 坂口亜絵梨 and 喜安千弥 and 宮原末治 and 岡三喜男",
title="肺音認識のための信号処理　〜 連続性ラ音・断続性ラ音の分離と識別 〜",
journal="信学技報",
year="2014",
volume="114",
number="39, SIP2014-11",
pages="55--60",
}







%%% sparse signal



% curvelet
@article{Candes00,
author = {Cand\`es, E. J. and Donoho, D.},
title = {Curvelets -- a surprisingly effective nonadaptive representation for objects with edges},
editor = {Rabut, C. and Cohen, A. and Schumaker, L.L.},
journal = {Curves and Surfaces},
publisher = {Vanderbilt University Press, Nashville, TN.},
pages = {105--120},
year = { 2000}
}


