
% CS MRI
@article{Lustig07,
  title={Sparse MRI: The application of compressed sensing for rapid MR imaging},
  author={Lustig, Michael and Donoho, David and Pauly, John M},
  journal={Magnetic resonance in medicine},
  volume={58},
  number={6},
  pages={1182--1195},
  year={2007},
  publisher={Wiley Online Library}
}


% BrainWeb
@misc{Cocosco97BrainWeb,
  title={Brainweb: Online interface to a 3D MRI simulated brain database},
  author={Cocosco, Chris A and Kollokian, Vasken and Kwan, Remi K-S and Pike, G Bruce and Evans, Alan C},
  booktitle={NeuroImage},
  year={1997},
  organization={Citeseer}
}


% L+S MRI
@article{Otazo15,
  title={Low-rank plus sparse matrix decomposition for accelerated dynamic MRI with separation of background and dynamic components},
  author={Otazo, Ricardo and Cand{\`e}s, Emmanuel and Sodickson, Daniel K},
  journal={Magnetic Resonance in Medicine},
  volume={73},
  number={3},
  pages={1125--1136},
  year={2015},
  publisher={Wiley Online Library}
}


% MRI blind CS, ICASSP2015
@inproceedings{Majumdar15,
  title={Learning the sparsity basis in low-rank plus sparse model for dynamic MRI reconstruction},
  author={Majumdar, Angshul and Ward, Rabab K},
  booktitle={Acoustics, Speech and Signal Processing (ICASSP), 2015 IEEE International Conference on},
  pages={778--782},
  year={2015},
  organization={IEEE}
}





