%
%
% Compressed sensing
%
%

% l0=l1
@article{Donoho89,
	author = {Donoho, D.L. and Stark, P.},
	journal = {SIAM J. Applied Math.},
	pages = {906--931},
	title = {Uncertainty principles and signal recovery},
	volume = {49},
	year = {1989}
}

% l0=l1 sufficient cond. by Spark, Nullspace, oroginal
@inproceedings{Donoho02,
	author = {Donoho, D.L. and Elad, M.},
    title = {Optimally sparse representation in general (non-orthogonal) dictionaries via $l^1$ minimization},
    booktitle = {Proc. the National Academy of Sciences of the United States of America},
    year = {2003},
    pages = {2197--2202}
}

% Nullspace, original
@article{Gribonval03,
  author    = {R{\'e}mi Gribonval and Morten Nielsen},
  title     = {Sparse representations in unions of bases},
  journal   = {IEEE Transactions on Information Theory},
  volume    = {49},
  number    = {12},
  year      = {2003},
  pages     = {3320-3325},
}


%l0=l1
@TECHREPORT{Donoho04l0l1,
	author = {Donoho, D.L.},
	title = {Neighborly polytopes and sparse solution of underdetermined linear equations},
    institution = {Statistics Department, Stanford University},
    year = {2004}
}

% number of measurements
@ARTICLE{Rudelson05,
    author = {Mark Rudelson and Roman Vershynin and M. Rudelson and R. Vershynin},
    title = {Geometric approach to error correcting codes and reconstruction of signals},
    journal = {Int. Math. Res. Not},
    year = {2005},
    volume = {64},
    pages = {4019--4041}
}

% l0=l1, number of measurements, stronger condition
@article{Candes05,
	author = {Cand\`es, E. J. and Tao, T.},
	journal = {IEEE Transactions on Information Theory},
	number = {12},
	pages = {4203--4215},
	title = {Decoding by linear programming},
	volume = {51},
	year = {2005}
}

% number of measurements, clear notations
@inproceedings{Candes06,
	author = {Cand\`es, E. J.},
    title = {Compressive sampling},
    booktitle = {Proc. the International Congress of Mathematicians},
    year = {2006},
}


% Donoho l0=l1
@article{Donoho06l0l1,
	author = {Donoho, David L.},
	journal = {Comm. on Pure and Applied Math},
	number = {6},
	pages = {797--829},
	title = {For most large underdetermined systems of linear equations the minimal $l_1$-norm solution is also the sparsest solution},
	volume = {59},
	year = {2006}
}


@article{Donoho06,
  title={Compressed sensing},
  author={Donoho, David L},
  journal={Information Theory, IEEE Transactions on},
  volume={52},
  number={4},
  pages={1289--1306},
  year={2006},
  publisher={IEEE}
}


% l0=l1
@article{Candes06a,
	author = {Emmanuel J. Cand\`es and Justin Romberg and Terence Tao},
	journal = {IEEE Transactions on Information Theory},
	number = {2},
	pages = {489--509},
	title = {Robust uncertainty principles: exact signal reconstruction from highly incomplete frequency information},
	volume = {52},
	year = {2006}
}

@article{Candes06b,
	author = {Cand\`es, E. J.  and Romberg, J.  and Tao, T. },
	journal = {Comm. on Pure and Applied Math},
	number = {8},
	pages = {1207--1223},
	title = {Stable signal recovery from incomplete and inaccurate measurements},
	volume = {59},
	year = {2006}
}

% RIC can be interpreted as an abstract version of the uniform uncertainty principle in harmonic analysis.
@article{Candes06c,
	author = {Cand\`es, E. J.  and Tao, T.},
	journal = {IEEE Transactions on Information Theory},
	number = {12},
	pages = {5406--5425},
	title = {Near-optimal signal recovery from random projections: Universal encoding strategies?},
	volume = {52},
	year = {2006}
}


% number of measurements
@article{Candes07,
	author = {Cand\`es, E. J. and Romberg, J.},
	journal = {Inverse Problems},
    volume = {23},
    number = {3},
	pages = {969--985},
	title = {Sparsity and incoherence in compressive sampling},
	year = {2007}
}

% Baraniuk magazine, lecture notes, single pixel camera
@article{Baraniuk07mag,
	author = {Richard Baraniuk},
	journal = {IEEE Signal Processing Magazine},
	pages = {118--121},
	title = {Compressive sensing},
    volume = {24},
    number = {4},
	year = {July, 2007}
}


% RIP
@article{Candes08RIP,
	author = {Cand\`es, E. J.},
	doi = {10.1016/j.crma.2008.03.014},
	journal = {Comptes Rendus Mathematique},
	month = {May},
	number = {9-10},
	pages = {589--592},
	title = {The restricted isometry property and its implications for compressed sensing},
	volume = {346},
	year = {2008}
}


@article{Candes08intro,
	author = {Cand\`es, E. J. and Wakin, M. B.},
	journal = {IEEE Signal Processing Magazine},
	pages = {21--30},
	title = {An introduction to compressive sampling},
	year = {March, 2008}
}


% RIP for random matrices
@article{Baraniuk08,
    author = {Richard Baraniuk and Mark Davenport and Ronald Devore and Michael Wakin},
    title = {A simple proof of the restricted isometry property for random matrices},
    journal = {Constructive Approximation},
    year = {2007},
    volume = {2008}
}



% CS applications, SRC
@article{Wright09,
 author = {Wright, John and Yang, Allen Y. and Ganesh, Arvind and Sastry, S. Shankar and Ma, Yi},
 title = {Robust Face Recognition via Sparse Representation},
 journal = {IEEE Transactions on Pattern Analysis and Machine Intelligence},
 volume = {31},
 number = {2},
 year = {2009},
 issn = {0162-8828},
 pages = {210--227},
 doi = {10.1109/TPAMI.2008.79},
 publisher = {IEEE Computer Society},
 address = {Washington, DC, USA},
}




% number of measurements
@article{Donoho09,
	author = {Donoho, D.L. and Tanner J.},
	title = {Counting faces of randomly projected polytopes when the projection radically lowers dimension},
	journal = {Journal of AMS},
	number = {1},
	pages = {1--53},
	volume = {22},
	year = {2009}
}


@article{Baraniuk11,
	title = {More is less: Signal processing and the data deluge},
	journal = {Science},
	volume = {331},
	number = {6018},
	year = {2011},
	month = {Feb},
	pages = {717--719},
	author = {Richard G. Baraniuk}
}




%% CS applications
% CS: image decomposition
@article{Starck05,
   Author = {Starck, J.-L. and Elad, M. and Donoho, D.},
   Title = {Image decomposition via the combination of sparse representation and a variational approach},
   Journal = {IEEE Transactions on Image Processing},
   Volume = {14},
   Number = {10},
   Pages = {1570--1582},
      Year = {2005},
}

% CS: Source separation
@inproceedings{Blumensath07,
  author    = {Thomas Blumensath and Mike E. Davies},
  title     = {Compressed Sensing and Source Separation},
  booktitle = {Independent Component Analysis and Signal Separation},
  year      = {2007},
  pages     = {341--348},
}

% CS: Motion deblurring
@article{Cai09,
author = { Jian-Feng Cai and Hui Ji and Chaoqiang Liu and Zuowei Shen},
title = {Blind motion deblurring from a single image using sparse approximation},
journal ={Computer Vision and Pattern Recognition, IEEE Computer Society Conference on},
year = {2009},
pages = {104--111},
publisher = {IEEE Computer Society},
address = {Los Alamitos, CA, USA},
}

% CS: background subtraction
@inproceedings{Cevher08,
  author    = {Volkan Cevher and
               Aswin C. Sankaranarayanan and
               Marco F. Duarte and
               Dikpal Reddy and
               Richard G. Baraniuk and
               Rama Chellappa},
  title     = {Compressive Sensing for Background Subtraction},
  booktitle = {ECCV (2)},
  year      = {2008},
  pages     = {155--168},
}

% CS: Inpainting
@article{Fadili09,
  author    = {Mohamed-Jalal Fadili and
               Jean-Luc Starck and
               Fionn Murtagh},
  title     = {Inpainting and Zooming Using Sparse Representations},
  journal   = {Comput. J.},
  volume    = {52},
  number    = {1},
  year      = {2009},
  pages     = {64--79},
}



% single pixel camera, classification by distance to manifold
% in the compressed space by random projection
@inproceedings{Duarte07,
	author = {Duarte, M.F. and Davenport, M.A. and Wakin, M.B. and Laska, J.N. and Takhar, D. and Kelly, K.F. and Baraniuk, R.G.},
    title = {Multiscale random projection for compressive classification},
    booktitle = {Proc. IEEE International Conference on Image Processing},
    year = {2007},
    pages = {1522--4880}
}

% single pixel camera
@article{Duarte08,
	author = {Duarte, M.F. and Davenport, M.A. and Takhar, D. and Laska, J.N. and Ting Sun and Kelly, K.F. and Baraniuk, R.G.},
	journal = {IEEE Signal Processing Magazine},
	pages = {83--91},
	title = {Single-Pixel Imaging via Compressive Sampling},
	year = {March, 2008}
}

@techreport{Fergus06,
	title = {Random Lens Imaging},
	author = {Fergus, Rob and Torralba, Antonio and Freeman, William T.},
	year = {2006},
	institution = {NDLTD Union Catalog},
}

% CS microscopy camera
@INPROCEEDINGS{Ye09,
   author = {{Ye}, P. and {Paredes}, J.~L. and {Wu}, Y. and {Chen}, C. and {Arce}, G.~R. and {Prather}, D.~W.},
    title = {Compressive confocal microscopy: 3{D} reconstruction algorithms},
booktitle = {Society of Photo-Optical Instrumentation Engineers (SPIE) Conference Series},
     year = {2009},
   volume = {7210},
    month = {Feb},
      doi = {10.1117/12.809438},
}




%% MMV
% MMV algorithms for (JSM2)
% M-BMP, M-OMP, M-ORMP
@article{Cotter05,
	author = {Cotter, S.F. and Rao, B.D. and Kjersti Engan and Kreutz-Delgado, K.},
    title = {Sparse solutions to linear inverse problems with multiple measurement vectors},
	journal = {IEEE Trans. on Signal Processing},
	number = {7},
	pages = {2477--2488},
	volume = {53},
	year = {2005}
}

% MMV early work in CS, OMP for MMV (JSM2)
@inproceedings{Chen05,
	author = {Jie Chen and Xiaoming Huo},
    title = {Sparse representations for multiple measurement vectors (MMV) in an over-complete dictionary},
	booktitle = {Proceedings of IEEE International Conference on Acoustics, Speech, and Signal Processing},
    volume = {4},
    pages = {IV257--IV260},
	year = {2005}
}

% MMV OMP for MMV (JSM2)
@article{Chen06,
	author = {Jie Chen, Xiaoming Huo},
	journal = {IEEE Trans. Signal Processing},
	number = {12},
	pages = {4634--4643},
	title = {Theoretical results on sparse representations of multiple-measurement vectors},
	volume = {54},
	year = {2006}
}


% MMV solution OMP with the same sparsity but not block-size
@article{Tropp06,
	author = {Tropp, J.A. and Gilbert, A.C. and Strauss, M.J.},
	journal = {Signal Processing},
	number = {3},
	pages = {572--588},
	title = {Algorithms for simultaneous sparse approximation. Part I: Greedy pursuit},
	volume = {86},
	year = {2006}
}


% MMV, block sparse vector, applicable to row-block sparse matrix
% problem is SOCP
@article{Eldar08,
  title = {Robust recovery of signals from a union of subspaces},
  author = {Yonina C. Eldar and Moshe Mishali},
  journal = {CoRR, preprint},
  note = {informal publication},
  volume = {abs/0807.4581},
  year = {2008},
}


% MMV RIP and more robustness
@inproceedings{Duarte09,
author = "Duarte, M.F. and Hegde, C. and Cevher, V. and Baraniuk, Richard G.",
title = "Recovery of compressible signals in unions of subspaces",
booktitle = "Conference on Information Sciences and Systems",
address= "Baltimore, MD",
year = "2009"}


% MMV with 3 joint sparsity models (JSM), JSM-2 is the common MMV model.
@TECHREPORT{Baron05,
    author = {Dror Baron and Michael B. Wakin and Marco F. Duarte and Shriram Sarvotham and Richard G. Baraniuk},
    title = {Distributed compressed sensing},
    booktitle = {Technical Report ECE-0612},
    institution = {Electrical and Computer Engineering Department, Rice University},
    year = {2006}
}

#
% MMV JSM, ieee
@inproceedings{Marco05,
	author = {Duarte, Marco and Wakin, Michael and Sarvotham, Shriram and Baron, Dror and Baraniuk, Richard G.},
    title = {Distributed compressed sensing of jointly sparse signals},
    booktitle = {Asilomar Conference on Signals, Systems, and Computers},
    pages = {1537--1541},
    year = {2005}
}


% MMV JSM
@inproceedings{Marco05a,
	author = {Marco F. Duarte and Shriram Sarvotham and Michael Wakin and Dror Baron and Richard Baraniuk},
    title = {Joint sparsity models for distributed compressed sensing},
    booktitle = { Online Proc. the Workshop on Signal Processing with Adaptive Sparse Structured Representations (SPARS)},
    year = {2005}
}




%MMV algorithms (more general ? complicated ..)
@article{Fornasier08,
 author = {Fornasier, Massimo and Rauhut, Holger},
 title = {Recovery algorithms for vector-valued data with joint sparsity constraints},
 journal = {SIAM J. Numer. Anal.},
 volume = {46},
 number = {2},
 year = {2008},
 issn = {0036-1429},
 pages = {577--613},
 doi = {http://dx.doi.org/10.1137/0606668909},
 publisher = {Society for Industrial and Applied Mathematics},
 address = {Philadelphia, PA, USA},
}
