@ARTICLE{JL84,
    author = {W. Johnson and J. Lindenstrauss},
    title = {Extensions of {L}ipschitz maps into a {H}ilbert space},
    journal = {Contemporary Mathematics},
    year = {1984},
    volume = {26},
    pages = {189--206}
}


% JL proof
@article{Frankl88,
 author = {Frankl, P. and Maehara, H.},
 title = {The {J}ohnson-{L}indenstrauss Lemma and the sphericity of some graphs},
 journal = {J. Comb. Theory Ser. B},
 volume = {44},
 number = {3},
 year = {1988},
 pages = {355--362},
}


@article{Achlioptas03,
    author = "Dimitris Achlioptas",
    title = "Database-friendly random projections: Johnson-Lindenstrauss with binary coins",
    journal = "Journal of Computer and System Sciences",
    volume = "66",
    year = "2003",
    pages = "671--687"
}


@TECHREPORT{Dasgupta99,
    author = {Sanjoy Dasgupta and Anupam Gupta},
    title = {An elementary proof of the {J}ohnson-{L}indenstrauss lemma},
    booktitle = {Technical Report 99-006},
    institution = {UC Berkeley},
    year = {1999}
}


@BOOK{Vempala04,
  AUTHOR       = {Santosh S. Vempala},
  TITLE        = {The Random Projection Method},
  Series       = {Series in Discrete Mathematics and Theoretical Computer Science},
  PUBLISHER    = {American Mathematical Society},
  volume = {65},
  YEAR         = {2004},
}


%% RP meets CS
@article{Baraniuk08,
	author = {Baraniuk, Richard   and Davenport, Mark   and Devore, Ronald   and Wakin, Michael  },
	title = {The {J}ohnson-{L}indenstrauss lemma meets compressed sensing},
}



@article{Watanabe02j,
author="Watanabe,Tatsuya and Takimoto,Eiji and Maruoka,Akira",
title="Dimensionality Reduction by Random Projection",
journal="IEICE technical report. Theoretical foundations of Computing",
ISSN="09135685",
publisher="The Institute of Electronics, Information and Communication Engineers",
year="2002",
volume="101",
number="707",
pages="73--79",
}


@article{Watanabe05,
author="Watanabe,Tatsuya and Takimoto,Eiji and Amano,Kazuyuki and Maruoka,Akira",
title="Random Projection and Its Application to Learning",
journal="Proc. Workshop on Randomness and Computation",
year="2005",
pages="3--4",
}



@inProceedings{Brigham01,
   author =   "Brigham, E. and Maninila, H.",
   title =   "Random projection in dimensionality reduction: applications to image and text data",
   booktitle =   "ACM SIGKDD ICKDDM",
   year =   "2001",
   pages =   "245--250",
}


@inProceedings{Fradkin03,
   author =   "Fradkin, D. and Madigan, D.",
   title =   "Experiments with random projections for machine learning",
   booktitle =   "ACM SIGKDD ICKDDM",
   year =   "2003",
   pages =   "517--522",
}




%
@inproceedings{Magen02,
 author = {Magen, Avner},
 title = {Dimensionality Reductions That Preserve Volumes and Distance to Affine Spaces, and Their Algorithmic Applications},
 booktitle = {RANDOM '02: Proceedings of the 6th International Workshop on Randomization and Approximation Techniques},
 year = {2002},
 pages = {239--253},
 }
% publisher = {Springer-Verlag},
% address = {London, UK},


% RP manifold
@article{Baraniuk09Wakin06,
author="Richard G. Baraniuk and Michael B. Wakin",
title="Random Projections of Smooth Manifolds",
journal="Foundations of Computational Mathematics",
volume = "9",
number = "1",
pages="51--77",
year="2009",
}


% RP manifold
@inproceedings{Agarwal07,
 author = {Agarwal, Pankaj K. and Har-Peled, Sariel and Yu, Hai},
 title = {Embeddings of surfaces, curves, and moving points in euclidean space},
 booktitle = {SCG '07: Proceedings of the twenty-third annual symposium on Computational geometry},
 year = {2007},
 isbn = {978-1-59593-705-6},
 pages = {381--389},
 location = {Gyeongju, South Korea},
 doi = {http://doi.acm.org/10.1145/1247069.1247135},
 publisher = {ACM},
 address = {New York, NY, USA},
 }



% LSH idea
@INPROCEEDINGS{Indyk98,
    author = {Piotr Indyk and Rajeev Motwani},
    title = {Approximate Nearest Neighbors: Towards Removing the Curse of Dimensionality},
    booktitle = {30th Annual ACM Symposium on Theorey of Computing},
    year = {1998},
    pages = {604--613}
}

% LSH algorithm
@inproceedings{Gionis99,
 author = {Gionis, Aristides and Indyk, Piotr and Motwani, Rajeev},
 title = {Similarity Search in High Dimensions via Hashing},
 booktitle = {VLDB '99: Proceedings of the 25th International Conference on Very Large Data Bases},
 year = {1999},
 isbn = {1-55860-615-7},
 pages = {518--529},
 publisher = {Morgan Kaufmann Publishers Inc.},
 address = {San Francisco, CA, USA},
 }

% SVM.  Neuronal random projection
@article{Arriaga99,
author = {Rosa I. Arriaga and Santosh Vempala},
title = {An Algorithmic Theory of Learning: Robust Concepts and Random Projection},
journal ={Foundations of Computer Science, Annual IEEE Symposium on},
volume = {0},
year = {1999},
pages = {616--623},
publisher = {IEEE Computer Society},
address = {Los Alamitos, CA, USA},
}

%SVM
@article{Balcan06,
  author    = {Maria-Florina Balcan and Avrim Blum and Santosh Vempala},
  title     = {Kernels as features: On kernels, margins, and low-dimensional mappings},
  journal   = {Machine Learning},
  volume    = {65},
  number    = {1},
  year      = {2006},
  pages     = {79--94},
}

%SVM, weak learner
@inproceedings{Balcan05,
  author    = {Maria-Florina Balcan and Avrim Blum},
  title     = {A {PAC}-Style Model for Learning from Labeled and Unlabeled Data},
  booktitle = {Proc. of the 18th Annual Conference on Computational Learning Theory (COLT},
  pages = {111--126},
  year      = {2005},
}

% SVM+RP survey
@inproceedings{Blum05,
  author    = {Avrim Blum},
  title     = {Random Projection, Margins, Kernels, and Feature-Selection},
  booktitle = {SLSFS},
  year      = {2005},
  pages     = {52--68},
}

% low-rank approximation
@article{Papadimitriou00,
  author    = {Christos H. Papadimitriou and Prabhakar Raghavan and Hisao Tamaki and Santosh Vempala},
  title     = {Latent Semantic Indexing: A Probabilistic Analysis},
  journal   = {J. Comput. Syst. Sci.},
  volume    = {61},
  number    = {2},
  year      = {2000},
  pages     = {217--235},
}

% low-rank approximation
@inproceedings{Achlioptas01,
 author = {Achlioptas, Dimitris and Mcsherry, Frank},
 title = {Fast computation of low-rank matrix approximations},
 booktitle = {Proc. STOC},
 year = {2001},
 pages = {611--618},
 }

% low-rank approximation
@inproceedings{Frieze98,
 author = {Frieze, Alan and Kannan, Ravi and Vempala, Santosh},
 title = {Fast monte-carlo algorithms for finding low-rank approximations},
 booktitle = {Proc. of FOCS},
 year = {1998},
 pages = {370--378},
 }




% LSI + RP
@inproceedings{Ohuchi04ISTA,
  author    = {H. Ohuchi and T. Miura and I. Shioya},
  title     = {Retrieval for Text Stream by Random Projection},
  booktitle = {International conference on Information Systems Technology and its Applications (ISTA)},
  year      = {2004},
  pages     = {151-164},
}




% EM clustering + RP
@inproceedings{Fern03,
	author = {Fern, Xiaoli  Z.  and Brodley, Carla  E. },
    booktitle = {ICML},
	editor = {Fawcett, Tom   and Mishra, Nina  },
	keywords = {clustering},
	pages = {186--193},
	publisher = {AAAI Press},
	title = {Random Projection for High Dimensional Data Clustering: A Cluster Ensemble Approach},
	year = {2003}
}

% Ward clustering + RP
@inproceedings{Bertoni05,
  author    = {Alberto Bertoni and Giorgio Valentini},
  title     = {Ensembles Based on Random Projections to Improve the Accuracy of Clustering Algorithms},
  booktitle = {WIRN/NAIS},
  year      = {2005},
  pages     = {31--37},
}


% fusion of clustering results by bipertite graph partitioning
@inproceedings{Fern04,
 author = {Xiaoli Zhang Fern and Carla E. Brodley},
 title = {Solving cluster ensemble problems by bipartite graph partitioning},
 booktitle = {ICML},
 year = {2004},
 isbn = {1-58113-828-5},
 pages = {36},
 location = {Banff, Alberta, Canada},
 doi = {http://doi.acm.org/10.1145/1015330.1015414},
 publisher = {ACM},
 address = {New York, NY, USA},
 }

% random sampling and boost clustering
@article{Frossyniotis04,
 author = {D. Frossyniotis and A. Likas and A. Stafylopatis},
 title = {A clustering method based on boosting},
 journal = {Pattern Recognition Letters},
 volume = {25},
 number = {6},
 year = {2004},
 issn = {0167-8655},
 pages = {641--654},
 doi = {http://dx.doi.org/10.1016/j.patrec.2003.12.018},
 publisher = {Elsevier Science Inc.},
 address = {New York, NY, USA},
 }

% heuristic density-based clustering + RP, with applications to images
@inproceedings{Urruty07,
  author    = {Thierry Urruty and
               Chabane Djeraba and
               Dan A. Simovici},
  title     = {Clustering by Random Projections},
  booktitle = {ICDM},
  series = {LNCS},
  volume = {4597},
  year      = {2007},
  pages     = {107--119},
}


