@article{Baraniuk11,
	title = {More is less: Signal processing and the data deluge},
	journal = {Science},
	volume = {331},
	number = {6018},
	year = {2011},
	month = {Feb},
	pages = {717--719},
	author = {Richard G. Baraniuk}
}


@article{Candes06b,
	author = {Cand\`es, E. J.  and Romberg, J.  and Tao, T. },
	journal = {Comm. on Pure and Applied Math},
	number = {8},
	pages = {1207--1223},
	title = {Stable signal recovery from incomplete and inaccurate measurements},
	volume = {59},
	year = {2006}
}


% RIP
@article{Candes08RIP,
	author = {Cand\`es, E. J.},
	doi = {10.1016/j.crma.2008.03.014},
	journal = {Comptes Rendus Mathematique},
	month = {May},
	number = {9-10},
	pages = {589--592},
	title = {The restricted isometry property and its implications for compressed sensing},
	volume = {346},
	year = {2008}
}


@ARTICLE{JL84,
    author = {W. Johnson and J. Lindenstrauss},
    title = {Extensions of {L}ipschitz maps into a {H}ilbert space},
    journal = {Contemporary Mathematics},
    year = {1984},
    volume = {26},
    pages = {189--206}
}




@article{Wright09,
 author = {Wright, John and Yang, Allen Y. and Ganesh, Arvind and Sastry, S. Shankar and Ma, Yi},
 title = {Robust Face Recognition via Sparse Representation},
 journal = {IEEE Transactions on Pattern Analysis and Machine Intelligence},
 volume = {31},
 number = {2},
 year = {2009},
 issn = {0162-8828},
 pages = {210--227},
 doi = {10.1109/TPAMI.2008.79},
 publisher = {IEEE Computer Society},
 address = {Washington, DC, USA},
}


% OMP
@ARTICLE{Tropp07,
    author = {Joel A. Tropp and Anna and C. Gilbert},
    title = {Signal recovery from random measurements via Orthogonal Matching Pursuit},
    journal = {IEEE Trans. Information Theory},
    year = {2007},
    volume = {53},
    number = {12},
    pages = {4655--4666}
}

% OMP
@article{Tropp04,
	author = {Joel A. Trop},
	journal = {IEEE Trans. Information Theory},
	number = {10},
	pages = {2231--2242},
	title = {Greed is good: Algorithmic results for sparse approximation},
	volume = {50},
	year = {2004}
}


% OMP original
@INPROCEEDINGS{Pati93,
    author = {Y. C. Pati and R. Rezaiifar and Y. C. Pati R. Rezaiifar and P. S. Krishnaprasad},
    title = {Orthogonal Matching Pursuit: Recursive Function Approximation with Applications to Wavelet Decomposition},
    booktitle = {Proceedings of the 27 th Annual Asilomar Conference on Signals, Systems, and Computers},
    year = {1993},
    pages = {40--44}
}



%http://mechroom.technion.ac.il/~becka/papers/71654.pdf
% FISTA
@article{Beck09,
 author = {Beck, Amir and Teboulle, Marc},
 title = {A Fast Iterative Shrinkage-Thresholding Algorithm for Linear Inverse Problems},
 journal = {SIAM J. Img. Sci.},
 issue_date = {January 2009},
 volume = {2},
 number = {1},
 month = mar,
 year = {2009},
 pages = {183--202},
 url = {http://dx.doi.org/10.1137/080716542},
 doi = {10.1137/080716542},
 publisher = {Society for Industrial and Applied Mathematics},
 address = {Philadelphia, PA, USA},
}


% Lasso
@ARTICLE{Tibshirani96,
    author = {Robert Tibshirani},
    title = {Regression Shrinkage and Selection Via the Lasso},
    journal = {Journal of the Royal Statistical Society, Series B},
    year = {1996},
    volume = {58},
    no = {1},
    pages = {267--288}
}


% BP: concept of solving l0 min. by l1 min.
@ARTICLE{Chen98,
  author = {S. S. Chen and D. L. Donoho and M. A. Saunders},
  title = {Atomic Decomposition by Basis Pursuit},
  journal = {{SIAM} J. Sci. Comput.},
  volume = {20},
  number = {1},
  year = {1998},
  pages = {33--61},
}

% GPSR
@article{Figueiredo07,
    author = {Figueiredo, M. A. T. and Nowak, R. D. and Wright, S. J.},
    booktitle = {Selected Topics in Signal Processing, IEEE Journal of},
    doi = {10.1109/JSTSP.2007.910281},
    journal = {Selected Topics in Signal Processing, IEEE Journal of},
    number = {4},
    pages = {586--597},
    title = {Gradient Projection for Sparse Reconstruction: Application to Compressed Sensing and Other Inverse Problems},
    volume = {1},
    year = {2007}
}


% ADMM algorithms
% http://stanford.edu/~boyd/papers/admm/
@article{Boyd11,
author = {Boyd, Stephen and Parikh, Neal and Chu, Eric and Peleato, Borja and Eckstein, Jonathan},
 title = {Distributed Optimization and Statistical Learning via the Alternating Direction Method of Multipliers},
 journal = {Found. Trends Mach. Learn.},
 issue_date = {January 2011},
 volume = {3},
 number = {1},
 month = jan,
 year = {2011},
 issn = {1935-8237},
 pages = {1--122},
 numpages = {122},
 url = {http://dx.doi.org/10.1561/2200000016},
 doi = {10.1561/2200000016},
 acmid = {2185816},
 publisher = {Now Publishers Inc.},
 address = {Hanover, MA, USA},
} 




% Ono, image recovery, IEICE Trans. A
@article{Ono12,
  author    = {Shunsuke Ono and
               Takamichi Miyata and
               Isao Yamada and
               Katsunori Yamaoka},
  title     = {Image Recovery by Decomposition with Component-Wise Regularization},
  journal   = {{IEICE} Transactions},
  volume    = {95-A},
  number    = {12},
  pages     = {2470--2478},
  year      = {2012},
}



% BSS
@article{Chen98,
author = {Chen, S. S. and Donoho, D. L. and Saunders, M. A.},
title = {Atomic decomposition by basis pursuit},
journal = {SIAM Journal on Scientific Computing},
volume = {20},
number = {1},
pages = {33--61},
year = {1998}
}

%Michael Zibulevsky and Barak A. Pearlmutter
@article{Zibulevsky01,
author = {Zibulevsky, M. and Pearlmutter, B. A.},
title = {Blind source separation by sparse decomposition in a signal dictionary},
journal = {Neural Computation},
volume = {13},
number = {4},
pages = {863--882},
year = {2001}
}

@inproceedings{Donoho02,
author = {Donoho, D. L. and Elad, M.},
title = {Maximal sparsity representation via $l_1$ minimization},
booktitle = {Proceedings of the National Academy of Sciences},
volume = {100},
pages = {2197--2202},
year = {2003}
}



% PCA
@book{PCA86,
author = {I. T. Jolliffe},
title = {Principal Component Analysis},
publisher = {Springer-Verlag},
year = {1986}
}

% RPCA11
% nuclear and l1 relaxation
@article{Candes11RPCA,
  author    = {Emmanuel J. Cand{\`e}s and
               Xiaodong Li and
               Yi Ma and
               John Wright},
  title     = {Robust principal component analysis?},
  journal   = {Journal of the ACM},
  volume    = {58},
  number    = {3},
  year      = {2011},
  pages     = {11:1--11:37},
  ee        = {http://doi.acm.org/10.1145/1970392.1970395}
}
% submission in 2009


% nuclear and l1 relaxation
@inproceedings{WrightRPCA09,
  author    = {John Wright and
               Arvind Ganesh and
               Shankar Rao and
               YiGang Peng and
               Yi Ma},
  title     = {Robust Principal Component Analysis: Exact Recovery of Corrupted
               Low-Rank Matrices via Convex Optimization},
  booktitle = {NIPS},
  year      = {2009},
  pages     = {2080-2088},
}


% nuclear and l1 relaxation
% formulation (without calling it RPCA)
@inproceedings{ChandrasekaranRPCA09,
 author = {Chandrasekaran, Venkat and Sanghavi, Sujay and Parrilo, Pablo A. and Willsky, Alan S.},
 title = {Sparse and Low-rank Matrix Decompositions},
 booktitle = {Proceedings of the 47th Annual Allerton Conference on Communication, Control, and Computing},
 series = {Allerton'09},
 year = {2009},
 isbn = {978-1-4244-5870-7},
 location = {Monticello, Illinois, USA},
 pages = {962--967},
 numpages = {6},
} 

% RPCA_ADMM
@techreport{RPCA_ADMM09,
author = {Zhouchen Lin and Minming Chen and Leqin Wu and Yi Ma},
title = {The augmented {L}agrange multiplier method for exact recovery of corrupted low-rank matrices},
number = {UILU-ENG-09-2215},
month = {November},
institution = {UIUC},
year = {2009}
}

% Principal Component Pursuits, a RPCA algorithm
% RPCA by ADMM and CoSaMP
@article{GandyYamada10,
author = {Silvia Gandy and Isao Yamada},
title = {Convex optimization techniques for the efficient recovery of a sparsely corrupted low-rank matrix},
journal = {Journal of Math-for-Industry},
volume = {2},
number = {2010B-5},
pages = {147--156},
year = {2010}
}



% ADMM for convex programming decomposition is
% a special cases of the proximal point algorithm.
@article{Eckstein_ADMM92,
author = {Jonathan Eckstein and Dimitri P. Bertsekas},
title = {On the {D}ouglas-{R}achford splitting method and the proximal point algorithm for maximal monotone operators},
journal = {Mathematical Programming},
volume = {55},
number = {1--3},
pages = {293--318},
month = {April},
year = {1992}
}

% ADMM original
@article{GabayMercier76,
author = {Daniel Gabay and Bertrand Mercier},
title = {A dual algorithm for the solution of nonlinear variational problems via finite element approximation},
journal = {Computers and Mathematics with Applications},
volume = {2},
number = {1},
pages = {17--40},
year = {1976}
}


% ALM original
@article{Hestenes_ALM69,
author = {Magnus R. Hestenes},
title = {Multiplier and gradient methods},
journal = {Optimization Theory and Applications},
volume = {4},
number = {5},
pages = {303--320},
year = {1969}
}


% Robust PCA, Robust NMF and application, subspace constraint using dictionary
@inproceedings{Sprechmann12,
 author = {Pablo Sprechmann and Alex Bronstein and Guillermo Sapiro},
 title = {Real-time online singing voice separation from monaural recordings using robust low-rank modeling},
 booktitle = {The 13th International Society for Music Information Retrieval Conference (ISMIR 2012)},
 year = {2012},
 pages = {67--72}
} 


% Robust PCA, subspace constraint using dictionaries
%http://mac.citi.sinica.edu.tw/mlrr/
@inproceedings{Yang13,
  author    = {Yi-Hsuan Yang},
  title     = {Low-Rank Representation of Both Singing Voice and Music
               Accompaniment Via Learned Dictionaries},
  booktitle = {The 14th International Society for Music Information Retrieval Conference (ISMIR 2013)},
  year      = {2013},
  pages     = {427--432}
}

% RPCA singing voice, earliest work
@inproceedings{Huang12,
  author    = {Po-Sen Huang and
               Scott Deeann Chen and
               Paris Smaragdis and
               Mark Hasegawa-Johnson},
  title     = {Singing-voice separation from monaural recordings using
               robust principal component analysis},
  booktitle = {ICASSP},
  year      = {2012},
  pages     = {57--60}
}

