@article{JainClusteringReview,
  author={Anil. K. Jain and M.N. Murty and P.J. Flynn},
  title={Data clustering: a review},
  journal={ACM Computing Surveys},
  year={1999},
  volume={31},
  number={3},
  pages={254--323},
}


@article{JainClustering50years,
  author={Anil K. Jain},
  title={Data clustering: 50 years beyond {K}-means},
  journal={Pattern Recognition Letters},
  year={2010},
  volume={31},
  number={8},
  pages={651--666},
}


@article{Fiedler73,
	author = {Miroslav Fiedler},
	Journal = {Czechoslovak Mathematical Journal},
    volume = {23},
    number = {2},
	pages = {298--305},
	title = {Algebraic connectivity of graphs},
	year = {1973}
}


@article{Hagen92,
	author = {L. Hagen and A.B. Kahng},
	journal = {IEEE Transactions on Computer-Aided Design},
    volume = {11},
	number = {9},
	pages = {1074--1085},
	title = {New spectral methods for ratio cut partitioning and clustering},
	year = {1992}
}



@Article{Luxburg07,
  Author =       {U. {Von Luxburg}},
  Title =        {A Tutorial on Spectral Clustering},
  volume =       17,
  number =       4,
  Year =         2007,
  Pages =        {395--416},
  journal =      {Statistics and Computing},
}


@article{Shi00,
	author = {Jianbo Shi and Jitendra Malik},
	citeulike-article-id = {520154},
	journal = {IEEE Transactions on Pattern Analysis and Machine Intelligence},
	keywords = {image\_segmentation, mac5801},
	number = {8},
	pages = {888--905},
	posted-at = {2006-10-04 22:32:14},
	priority = {0},
	title = {Normalized cuts and image segmentation},
	volume = {22},
	year = {2000}
}


@inproceedings{Yu03,
    author = {Stella X. Yu and Jianbo Shi},
    title = {Multiclass spectral clustering},
    booktitle = {International Conference on Computer Vision},
    year = {2003},
    pages = {313--319}
}












@ARTICLE{JL84,
    author = {W. Johnson and J. Lindenstrauss},
    title = {Extensions of {L}ipschitz maps into a {H}ilbert space},
    journal = {Contemporary Mathematics},
    year = {1984},
    volume = {26},
    pages = {189--206}
}

@article{Achlioptas03,
    author = "Dimitris Achlioptas",
    title = "Database-friendly random projections: Johnson-Lindenstrauss with binary coins",
    journal = "Journal of Computer and System Sciences",
    volume = "66",
    year = "2003",
    pages = "671--687"
}


@TECHREPORT{Dasgupta99,
    author = {Sanjoy Dasgupta and Anupam Gupta},
    title = {An elementary proof of the {J}ohnson-{L}indenstrauss lemma},
    booktitle = {Technical Report 99-006},
    institution = {UC Berkeley},
    year = {1999}
}


@BOOK{Vempala04,
  AUTHOR       = {Santosh S. Vempala},
  TITLE        = {The Random Projection Method},
  Series       = {Series in Discrete Mathematics and Theoretical Computer Science},
  PUBLISHER    = {American Mathematical Society},
  volume = {65},
  YEAR         = {2004},
}


@inproceedings{Sakai09ERP,
    author = {酒井 智弥},
    title = {スペクトラム拡散と巡回畳み込みによる高効率なランダム射影アルゴリズム},
    booktitle = {第24回信号処理シンポジウム論文集},
    pages = {507--512},
    year = {2009},
}


@inproceedings{Sakai09ERPj,
    author = {Tomoya Sakai},
    title = {An efficient algorithm of random projection by spectrum spreading and circular convolution (in {J}apanese)},
    booktitle = {The 24th SIP Symposium Proceedings},
    pages = {507--512},
    year = {2009},
}

@incollection{tsakaiAPR11,
author = {Tomoya Sakai and Atsushi Imiya},
title = {Practical Algorithms of Spectral Clustering: Toward Large-Scale Vision-Based Motion Analysis},
booktitle = {Machine Learning for Vision-Based Motion Analysis},
chapter = {1},
pages = {3--26},
series = {Advances in Pattern Recognition},
publisher = {Springer},
year = {2011},
}

