@ARTICLE{JL84,
    author = {W. Johnson and J. Lindenstrauss},
    title = {Extensions of {L}ipschitz maps into a {H}ilbert space},
    journal = {Contemporary Mathematics},
    year = {1984},
    volume = {26},
    pages = {189--206}
}

@article{Achlioptas03,
    author = "Dimitris Achlioptas",
    title = "Database-friendly random projections: Johnson-Lindenstrauss with binary coins",
    journal = "Journal of Computer and System Sciences",
    volume = "66",
    year = "2003",
    pages = "671--687"
}


@TECHREPORT{Dasgupta99,
    author = {Sanjoy Dasgupta and Anupam Gupta},
    title = {An elementary proof of the {J}ohnson-{L}indenstrauss lemma},
    booktitle = {Technical Report 99-006},
    institution = {UC Berkeley},
    year = {1999}
}


@BOOK{Vempala04,
  AUTHOR       = {Santosh S. Vempala},
  TITLE        = {The Random Projection Method},
  Series       = {Series in Discrete Mathematics and Theoretical Computer Science},
  PUBLISHER    = {American Mathematical Society},
  volume = {65},
  YEAR         = {2004},
}


@inproceedings{Sakai09ERP,
    author = {酒井 智弥},
    title = {スペクトラム拡散と巡回畳み込みによる高効率なランダム射影アルゴリズム},
    booktitle = {第24回信号処理シンポジウム論文集},
    pages = {507--512},
    year = {2009},
}


@inproceedings{Sakai09ERPj,
    author = {Tomoya Sakai},
    title = {An efficient algorithm of random projection by spectrum spreading and circular convolution (in {J}apanese)},
    booktitle = {The 24th SIP Symposium Proceedings},
    pages = {507--512},
    year = {2009},
}

@incollection{tsakaiAPR11,
author = {Tomoya Sakai and Atsushi Imiya},
title = {Practical Algorithms of Spectral Clustering: Toward Large-Scale Vision-Based Motion Analysis},
booktitle = {Machine Learning for Vision-Based Motion Analysis},
chapter = {1},
pages = {3--26},
series = {Advances in Pattern Recognition},
publisher = {Springer},
year = {2011},
}

